@inproceedings{Dou2021WordAB,
  title={Word Alignment by Fine-tuning Embeddings on Parallel Corpora},
  author={Zi-Yi Dou and Graham Neubig},
  booktitle={EACL},
  year={2021}
}

@article{Krishnan2021MultilingualCF,
  title={Multilingual Code-Switching for Zero-Shot Cross-Lingual Intent Prediction and Slot Filling},
  author={Jitin Krishnan and Antonios Anastasopoulos and Hemant Purohit and H. Rangwala},
  journal={ArXiv},
  year={2021},
  volume={abs/2103.07792}
}

@article{Tan2021CodeMixingOS,
  title={Code-Mixing on Sesame Street: Dawn of the Adversarial Polyglots},
  author={Samson Tan and Shafiq Joty},
  journal={ArXiv},
  year={2021},
  volume={abs/2103.09593}
}