@inproceedings{Dou2021WordAB,
  title={Word Alignment by Fine-tuning Embeddings on Parallel Corpora},
  author={Zi-Yi Dou and Graham Neubig},
  booktitle={EACL},
  year={2021}
}

@article{Krishnan2021MultilingualCF,
  title={Multilingual Code-Switching for Zero-Shot Cross-Lingual Intent Prediction and Slot Filling},
  author={Jitin Krishnan and Antonios Anastasopoulos and Hemant Purohit and H. Rangwala},
  journal={ArXiv},
  year={2021},
  volume={abs/2103.07792}
}

@article{Tan2021CodeMixingOS,
  title={Code-Mixing on Sesame Street: Dawn of the Adversarial Polyglots},
  author={Samson Tan and Shafiq Joty},
  journal={ArXiv},
  year={2021},
  volume={abs/2103.09593}
}

@inproceedings{Choe2020word2wordAC,
  title={word2word: A Collection of Bilingual Lexicons for 3, 564 Language Pairs},
  author={Yo Joong Choe and Kyubyong Park and D. Kim},
  booktitle={LREC},
  year={2020}
}

@inproceedings{Conneau2020UnsupervisedCR,
  title={Unsupervised Cross-lingual Representation Learning at Scale},
  author={Alexis Conneau and Kartikay Khandelwal and Naman Goyal and Vishrav Chaudhary and Guillaume Wenzek and Francisco Guzm{\'a}n and E. Grave and Myle Ott and Luke Zettlemoyer and Veselin Stoyanov},
  booktitle={ACL},
  year={2020}
}

@article{Xu2020EndtoEndSA,
    title = {End-to-End Slot Alignment and Recognition for Cross-Lingual NLU},
    author = {Weijia Xu and Batool Haider and Saab Mansour},
    journal = {ArXiv},
    year = {2020},
    volume = {abs/2004.14353}
}

@article{Xu2020EndtoEndSA,
    title = {End-to-End Slot Alignment and Recognition for Cross-Lingual NLU},
    author = {Weijia Xu and Batool Haider and Saab Mansour},
    journal = {ArXiv},
    year = {2020},
    volume = {abs/2004.14353}
}

@inproceedings{devlin-etal-2019-bert,
    title = "{BERT}: Pre-training of Deep Bidirectional Transformers for Language Understanding",
    author = "Devlin, Jacob  and
      Chang, Ming-Wei  and
      Lee, Kenton  and
      Toutanova, Kristina",
    booktitle = "Proceedings of the 2019 Conference of the North {A}merican Chapter of the Association for Computational Linguistics: Human Language Technologies, Volume 1 (Long and Short Papers)",
    month = jun,
    year = "2019",
    address = "Minneapolis, Minnesota",
    publisher = "Association for Computational Linguistics",
    url = "https://www.aclweb.org/anthology/N19-1423",
    doi = "10.18653/v1/N19-1423",
    pages = "4171--4186",
    abstract = "We introduce a new language representation model called BERT, which stands for Bidirectional Encoder Representations from Transformers. Unlike recent language representation models (Peters et al., 2018a; Radford et al., 2018), BERT is designed to pre-train deep bidirectional representations from unlabeled text by jointly conditioning on both left and right context in all layers. As a result, the pre-trained BERT model can be fine-tuned with just one additional output layer to create state-of-the-art models for a wide range of tasks, such as question answering and language inference, without substantial task-specific architecture modifications. BERT is conceptually simple and empirically powerful. It obtains new state-of-the-art results on eleven natural language processing tasks, including pushing the GLUE score to 80.5 (7.7 point absolute improvement), MultiNLI accuracy to 86.7{\%} (4.6{\%} absolute improvement), SQuAD v1.1 question answering Test F1 to 93.2 (1.5 point absolute improvement) and SQuAD v2.0 Test F1 to 83.1 (5.1 point absolute improvement).",
}

@inproceedings{
Cao2020Multilingual,
    title = {Multilingual Alignment of Contextual Word Representations},
    author = {Steven Cao and Nikita Kitaev and Dan Klein},
    booktitle = {International Conference on Learning Representations},
    year = {2020},
    url = {https://openreview.net/forum?id=r1xCMyBtPS}
}

@article{Liu2020WhatMM,
    title = {What makes multilingual BERT multilingual?},
    author = {Chi-Liang Liu and Tsung-Yuan Hsu and Yung-Sung Chuang and Hung-yi Lee},
    journal = {ArXiv},
    year = {2020},
    volume = {abs/2010.10938}
}

@article{Weld2021ASO,
    title = {A survey of joint intent detection and slot-filling models in natural language understanding},
    author = {H. Weld and X. Huang and S. Long and J. Poon and S. Han},
    journal = {ArXiv},
    year = {2021},
    volume = {abs/2101.08091}
}
